@book{key,
  author = {},
  editor = {},
  publisher = {},
  title = {},
  year = {}
}

@article{key,
  author = {},
  journal = {},
  number = {},
  title = {},
  volume = {},
  year = {}
}

@misc{key,
  address = {},
  annote = {},
  author = {},
  booktitle = {},
  chapter = {},
  crossref = {},
  edition = {},
  editor = {},
  howpublished = {},
  institution = {},
  journal = {},
  key = {},
  month = {},
  note = {},
  number = {},
  organization = {},
  pages = {},
  publisher = {},
  school = {},
  series = {},
  title = {},
  type = {},
  volume = {},
  year = {}
}
